@misc { unicode-identifiers,
title="Unicode Identifier and Pattern Syntax",
howpublished="\url{https://unicode.org/reports/tr31/}" }